/Users/yoelw/tyneside/articles/joelrefs.bib